<record><leader>00000cas a22000007a 4500</leader><controlfield tag="001">33989143</controlfield><controlfield tag="008">960104d194u198uokuwr n       0    0eng d</controlfield><datafield ind1=" " ind2=" " tag="010"><subfield code="a">sn 95076394 </subfield></datafield><datafield ind1=" " ind2=" " tag="040"><subfield code="a">OBN</subfield><subfield code="b">eng</subfield><subfield code="c">OBN</subfield><subfield code="d">OCLCQ</subfield><subfield code="d">OCLCF</subfield><subfield code="d">OCLCO</subfield></datafield><datafield ind1="1" ind2=" " tag="029"><subfield code="a">AU@</subfield><subfield code="b">000025859419</subfield></datafield><datafield ind1=" " ind2=" " tag="042"><subfield code="a">msc</subfield></datafield><datafield ind1=" " ind2=" " tag="043"><subfield code="a">n-us-ok</subfield></datafield><datafield ind1="0" ind2=" " tag="130"><subfield code="a">Skiatook news (Skiatook, Okla. : 194u)</subfield></datafield><datafield ind1="1" ind2="4" tag="245"><subfield code="a">The Skiatook news.</subfield></datafield><datafield ind1=" " ind2=" " tag="260"><subfield code="a">Skiatoook, Okla. :</subfield><subfield code="b">Elsie R. Miller</subfield></datafield><datafield ind1=" " ind2=" " tag="300"><subfield code="a">v.</subfield></datafield><datafield ind1=" " ind2=" " tag="310"><subfield code="a">Weekly</subfield></datafield><datafield ind1=" " ind2=" " tag="588"><subfield code="a">Description based on: Vol. 41, no. 16 (Sep. 19, 1946).</subfield></datafield><datafield ind1=" " ind2="0" tag="651"><subfield code="a">Skiatook (Okla.)</subfield><subfield code="v">Newspapers.</subfield></datafield><datafield ind1=" " ind2="0" tag="651"><subfield code="a">Tulsa County (Okla.)</subfield><subfield code="v">Newspapers.</subfield></datafield><datafield ind1=" " ind2="7" tag="655"><subfield code="a">Newspapers.</subfield><subfield code="2">fast</subfield><subfield code="0">(OCoLC)fst01423814</subfield></datafield><datafield ind1=" " ind2="7" tag="651"><subfield code="a">Oklahoma</subfield><subfield code="z">Skiatook.</subfield><subfield code="2">fast</subfield><subfield code="0">(OCoLC)fst01874798</subfield></datafield><datafield ind1=" " ind2="7" tag="651"><subfield code="a">Oklahoma</subfield><subfield code="z">Tulsa County.</subfield><subfield code="2">fast</subfield><subfield code="0">(OCoLC)fst01220997</subfield></datafield><datafield ind1=" " ind2=" " tag="752"><subfield code="a">United States</subfield><subfield code="b">Oklahoma</subfield><subfield code="c">Tulsa</subfield><subfield code="d">Skiatook.</subfield></datafield><datafield ind1="0" ind2="0" tag="780"><subfield code="t">Skiatook news and Skiatook journal</subfield><subfield code="w">(DLC)sn 95076393</subfield><subfield code="w">(OCoLC)33989020</subfield></datafield></record>